<record><leader>00000cas a22000007a 4500</leader><controlfield tag="001">20963010</controlfield><controlfield tag="008">900126d18801944mouwr ne      0    0eng d</controlfield><datafield ind1=" " ind2=" " tag="010"><subfield code="a">sn 90061079 </subfield></datafield><datafield ind1=" " ind2=" " tag="040"><subfield code="a">MQN</subfield><subfield code="b">eng</subfield><subfield code="c">MQN</subfield><subfield code="d">OCLCQ</subfield></datafield><datafield ind1=" " ind2=" " tag="042"><subfield code="a">msc</subfield></datafield><datafield ind1="0" ind2="0" tag="245"><subfield code="a">La Monte record.</subfield></datafield><datafield ind1="3" ind2="0" tag="246"><subfield code="a">LaMonte record</subfield></datafield><datafield ind1=" " ind2=" " tag="260"><subfield code="a">LaMonte, Pettis Co., Mo. :</subfield><subfield code="b">Weidman &amp; Baldwin</subfield></datafield><datafield ind1=" " ind2=" " tag="300"><subfield code="a">v.</subfield></datafield><datafield ind1=" " ind2=" " tag="310"><subfield code="a">Weekly</subfield></datafield><datafield ind1="1" ind2=" " tag="362"><subfield code="a">Began in 1880? Ceased in 1944.</subfield></datafield><datafield ind1=" " ind2=" " tag="588"><subfield code="a">Description based on: Vol. 2, no. 26 (Nov. 24, 1882).</subfield></datafield><datafield ind1=" " ind2=" " tag="752"><subfield code="a">United States</subfield><subfield code="b">Missouri</subfield><subfield code="c">Pettis</subfield><subfield code="d">La Monte.</subfield></datafield><datafield ind1="0" ind2="7" tag="785"><subfield code="t">Sedalia times (Sedalia, Mo. : 1936)</subfield><subfield code="w">(DLC)sn 90061019</subfield></datafield><datafield ind1="0" ind2="7" tag="785"><subfield code="t">Times-record (Sedalia, Mo.)</subfield><subfield code="w">(DLC)sn 90061017</subfield></datafield></record>